<?xml version="1.0" encoding="UTF-8"?>
<collection xmlns:xsi="http://www.w3.org/2001/XMLSchema-instance" xsi:schemaLocation="http://www.loc.gov/MARC21/slim http://www.loc.gov/standards/marcxml/schema/MARC21slim.xsd" xmlns="http://www.loc.gov/MARC21/slim">
<record>
  <leader>01032cam a22002774a 4500</leader>
  <controlfield tag="001">9502779</controlfield>
  <controlfield tag="003">NNC</controlfield>
  <controlfield tag="005">20120716174551.0</controlfield>
  <controlfield tag="008">070829m19371938ua acf        010 0 ara  </controlfield>
  <datafield tag="010" ind1=" " ind2=" ">
    <subfield code="a">  2007555943</subfield>
  </datafield>
  <datafield tag="029" ind1="1" ind2=" ">
    <subfield code="a">AU@</subfield>
    <subfield code="b">000042180638</subfield>
  </datafield>
  <datafield tag="035" ind1=" " ind2=" ">
    <subfield code="a">(OCoLC)ocn168779755</subfield>
  </datafield>
  <datafield tag="035" ind1=" " ind2=" ">
    <subfield code="a">(OCoLC)168779755</subfield>
  </datafield>
  <datafield tag="035" ind1=" " ind2=" ">
    <subfield code="a">(NNC)9502779</subfield>
  </datafield>
  <datafield tag="040" ind1=" " ind2=" ">
    <subfield code="a">DLC</subfield>
    <subfield code="c">DLC</subfield>
    <subfield code="d">MEAUC</subfield>
  </datafield>
  <datafield tag="043" ind1=" " ind2=" ">
    <subfield code="a">f-ua---</subfield>
  </datafield>
  <datafield tag="050" ind1="0" ind2="0">
    <subfield code="a">KRM1572</subfield>
    <subfield code="b">.K58 1937</subfield>
  </datafield>
  <datafield tag="245" ind1="0" ind2="3">
    <subfield code="6">880-01</subfield>
    <subfield code="a">al-Kitāb al-dhahabī lil-maḥākim al-ahlīyah :</subfield>
    <subfield code="b">1883-1933.</subfield>
  </datafield>
  <datafield tag="260" ind1=" " ind2=" ">
    <subfield code="6">880-02</subfield>
    <subfield code="a">Būlāq, Miṣr :</subfield>
    <subfield code="b">al-Maṭbaʻah al-Amīrīyah bi-Būlāq,</subfield>
    <subfield code="c">1937-1938.</subfield>
  </datafield>
  <datafield tag="300" ind1=" " ind2=" ">
    <subfield code="a">2 v. :</subfield>
    <subfield code="b">ill., ports, plates ;</subfield>
    <subfield code="c">31 cm.</subfield>
  </datafield>
  <datafield tag="650" ind1=" " ind2="0">
    <subfield code="a">Courts</subfield>
    <subfield code="z">Egypt</subfield>
    <subfield code="x">History.</subfield>
  </datafield>
  <datafield tag="650" ind1=" " ind2="0">
    <subfield code="a">Justice, Administration of</subfield>
    <subfield code="z">Egypt</subfield>
    <subfield code="x">History.</subfield>
  </datafield>
  <datafield tag="650" ind1=" " ind2="0">
    <subfield code="a">Judges</subfield>
    <subfield code="z">Egypt.</subfield>
  </datafield>
  <datafield tag="880" ind1="0" ind2="2">
    <subfield code="6">245-01/r</subfield>
    <subfield code="a">الكتاب الذهبى للمحاكم الأهلية،</subfield>
    <subfield code="b">١٨٨٣-١٩٣٣.</subfield>
  </datafield>
  <datafield tag="880" ind1=" " ind2=" ">
    <subfield code="6">260-02/r</subfield>
    <subfield code="a">بولاق، مصر :</subfield>
    <subfield code="b">المطبعة الأميرية ببولاق،</subfield>
    <subfield code="c">1937-1938.</subfield>
  </datafield>
  <datafield tag="955" ind1=" " ind2=" ">
    <subfield code="b">CU18996922</subfield>
    <subfield code="d">off,glx</subfield>
    <subfield code="e">KRM1572 .K58 1937</subfield>
    <subfield code="v">v.1</subfield>
  </datafield>
</record>
</collection>